@article{Baily1992,
 ISSN = {10578641},
 URL = {http://www.jstor.org/stable/2534764},
 author = {Martin Neil Baily and Charles Hulten and David Campbell and Timothy Bresnahan and Richard E. Caves},
 journal = {Brookings Papers on Economic Activity. Microeconomics},
 number = {},
 pages = {187--267},
 publisher = {Brookings Institution Press},
 title = {Productivity Dynamics in Manufacturing Plants},
 urldate = {2024-03-11},
 volume = {1992},
 year = {1992}
}

@techreport{diao2021africa,
  title={Africa's manufacturing puzzle: Evidence from Tanzanian and Ethiopian firms},
  author={Diao, Xinshen and Ellis, Mia and McMillan, Margaret S and Rodrik, Dani},
  year={2021},
  institution={National Bureau of Economic Research}
}

@book{diao2019recent,
  title={The recent growth boom in developing economies: A structural-change perspective},
  author={Diao, Xinshen and McMillan, Margaret and Rodrik, Dani},
  year={2019},
  publisher={Springer}
}

@article{aga2015market,
  title={As the market churns: estimates of firm exit and job loss using the World Bank's Enterprise Surveys},
  author={Aga, Gemechu and Francis, David},
  journal={World Bank Policy Research Working Paper},
  number={7218},
  year={2015}
}

@article{fields2007dual,
  title={Dual economy},
  author={Fields, Gary S},
  year={2007}
}

@article{briefreflections,
  title={REFLECTIONS ON AFRICA’S YOUTH EMPLOYMENT PROBLEM1},
  author={Fields, Gary S},
  year={2021}
}

@article{kuznets1955,
  title={Economic Growth and Income Inequality},
  author={Kuznets, Simon},
  year={1955},
  journal={American Economic Review}
}

@article{lewis1954economic,
  title={Economic development with unlimited supplies of labour},
  author={Lewis, William Arthur and others},
  year={1954},
  publisher={Bobbs-Merrill Company, College Division}
}

@article{hsieh2009misallocation,
  title={Misallocation and manufacturing TFP in China and India},
  author={Hsieh, Chang-Tai and Klenow, Peter J},
  journal={The Quarterly journal of economics},
  volume={124},
  number={4},
  pages={1403--1448},
  year={2009},
  publisher={MIT Press}
}


@article{amirapu2015manufacturing,
  title={Manufacturing or services? An Indian illustration of a development dilemma},
  author={Amirapu, Amrit and Subramanian, Arvind},
  journal={Center for Global Development Working Paper},
  number={408},
  year={2015}
}

@article{fan2023growing,
  title={Growing Like India—the Unequal Effects of Service-Led Growth},
  author={Fan, Tianyu and Peters, Michael and Zilibotti, Fabrizio},
  journal={Econometrica},
  volume={91},
  number={4},
  pages={1457--1494},
  year={2023},
  publisher={Wiley Online Library}
}

@techreport{mcmillan2011globalization,
  title={Globalization, structural change and productivity growth},
  author={McMillan, Margaret S and Rodrik, Dani},
  year={2011},
  institution={National Bureau of Economic Research}
}

@article{hsieh2018reallocation,
  title={The reallocation myth},
  author={Hsieh, Chang-Tai and Klenow, Peter J and others},
  journal={Center for Economic Studies Working Paper},
  volume={18},
  pages={1--25},
  year={2018}
}

@online{worldbankES,
  title={WorldBank Enterprise Surveys},
  url={https://enterprisesurveys.org/},
  year={2023},
  note={https://enterprisesurveys.org/, last accessed on 2024-03-11}

  
  
@online{PictureThisAfricanCentury,
  author={IMF},
  title={Picture This: African Century},
  journal={Finance & Development},
  year={2023},
  publisher={International Monetary Fund},
  address={USA},
  isbn={9798400250804},
  volume={0060},
  number={003},
  pages={A005},
  url ={https://www.elibrary.imf.org/view/journals/022/0060/003/article-A005-en.xml}
  
@article{foster2018innovation,
  title={Innovation, productivity dispersion, and productivity growth},
  author={Foster, Lucia and Grim, Cheryl and Haltiwanger, John C and Wolf, Zoltan},
  year={2018},
  publisher={National Bureau of Economic Research}
}

@article{gort1982time,
  title={Time paths in the diffusion of product innovations},
  author={Gort, Michael and Klepper, Steven},
  journal={The economic journal},
  volume={92},
  number={367},
  pages={630--653},
  year={1982},
  publisher={Oxford University Press Oxford, UK}
}
